<?xml version="1.0" encoding="UTF-8"?><collection xmlns="http://www.loc.gov/MARC21/slim"><record><leader>00554nam--2200181-i-4500</leader><controlfield tag="001">000037577</controlfield><controlfield tag="002">20161230</controlfield><controlfield tag="005">20161230201041</controlfield><controlfield tag="008">060222s1000------------r-----000-0-eng-d</controlfield><datafield ind1=" " ind2=" " tag="040"><subfield code="a">IFIN-HH</subfield></datafield><datafield ind1=" " ind2=" " tag="080"><subfield code="a">535(082.1)</subfield></datafield><datafield ind1="1" ind2=" " tag="100"><subfield code="a">Wolf, Emil</subfield></datafield><datafield ind1="1" ind2="0" tag="245"><subfield code="a">PROGRESS IN OPTICS. Vol. II</subfield><subfield code="c">EMIL WOLF (Ed.) G.W. STROKE, J.M. BURCH, R.G. GIOVANELLI, J. TSUJIUCHI, L. MANDEL, F. ABLES</subfield></datafield><datafield ind1=" " ind2=" " tag="260"><subfield code="a">NORTH-HOLLAND PUBLISHING COMPANY</subfield></datafield><datafield ind1="1" ind2=" " tag="700"><subfield code="a">Abeles, F</subfield><subfield code="e">Contributor</subfield></datafield><datafield ind1=" " ind2=" " tag="787"><subfield code="a">Vol. Ii</subfield><subfield code="d">1963</subfield><subfield code="h">298 p</subfield></datafield><datafield ind1=" " ind2=" " tag="852"><subfield code="a">16567</subfield><subfield code="c">535</subfield></datafield><datafield ind1=" " ind2=" " tag="CAT"><subfield code="a">Sys</subfield><subfield code="c">20101020</subfield><subfield code="h">144310</subfield></datafield></record></collection>